
@misc{Lichman:2013,
author = {{Lichman} M.},
year = {2013},
title = {{UCI} Machine Learning Repository},
url = {http://archive.ics.uci.edu/ml},
institution = {University of California, Irvine, School of Information and Computer Sciences}
}

@misc{Bhatt:2013:ad,
author = {{Bhatt} R. and {Dhall} A.},
year = {2013},
title = {Skin Segmentation Dataset},
url = {https://archive.ics.uci.edu/ml/datasets/Skin+Segmentation},
institution = {{UCI} Machine Learning Repository}
}

@misc{Savicky:2013:rb,
author = {{Savicky} P. and {Bock} R.~K.},
year = {2013},
title = {MAGIC Gamma Telescope Data Set},
url = {https://archive.ics.uci.edu/ml/datasets/MAGIC+Gamma+Telescope},
institution = {{UCI} Machine Learning Repository}
}

@misc{Roe:2013:bb,
author = {{Roe} B.},
year = {2013},
title = {MiniBooNE particle identification Data Set },
url = {https://archive.ics.uci.edu/ml/datasets/MiniBooNE+particle+identification},
institution = {{UCI} Machine Learning Repository}
}

@article{Haibo:2009:fb, 
author={Haibo He and Garcia, E.A.}, 
journal={Knowledge and Data Engineering, IEEE Transactions on}, 
title={{Learning from Imbalanced Data}}, 
year={2009},  
volume={21}, 
number={9}, 
pages={1263-1284}
}

@techreport{Moa:2011:ba,
    author = {Bifet, Albert and Holmes, Geoff and Kirkby, Richard and Pfahringer,Bernhard},
    title = {{Data stream mining: a practical approach}},
    institution = {The University of Waikato},
    month = {May},
    year = {2011}
}

@misc{moamanual,
    author = {{The University of Waikato}},
    title = {{Massive Online Analysis Manual}},
    affiliation = {The University of Waikato},
    month = {August},
    year = {2009},
    howpublished = {World Wide Web Accessed (12/10/2012), \newline \url{http://www.cs.waikato.ac.nz/~abifet/MOA/Manual.pdf}},
    notes = {Accessed 12/10/2012}
}

@misc{moa,
    author = {{The University of Waikato}},
    title={MOA Massive Online Analysis},
    affiliation = {The University of Waikato},
    year = {2012},
    howpublished = {World Wide Web Accessed (12/10/2012), \newline \url{http://moa.cms.waikato.ac.nz}},
    notes = {Accessed 12/10/2012}
}

@misc{weka,
    author = {{The University of Waikato}},
    title={Weka 3: Data Mining Software in Java},
    affiliation = {The University of Waikato},
    year = {2013},
    howpublished = {World Wide Web Accessed (12/10/2012), \newline \url{http://www.cs.waikato.ac.nz/ml/weka/}},
    notes = {Accessed 12/10/2012}
}

@inproceedings{Lyon:2013:jk,
author = {Lyon, R. J. and Knowles, J. D. and Brooke, J. M. and Stappers, B. W.},
title = {{A Study on Classification in Imbalanced and Partially-Labelled Data Streams}},
booktitle= {Simple and Effective Machine Learning for Big Data, Special Session, IEEE International Conference on Systems, Man, and Cybernetics}, 
series={SMC '13},
year = {2013},
month = {October},
pages = {1506-1511},
location = {Manchester, United Kingdom},
publisher = {IEEE}
}

@inproceedings{Lyon:2014:jk,
author = {Lyon, R. J. and Knowles, J. D. and Brooke, J. M. and Stappers, B. W.},
title = {{Hellinger Distance Trees for Imbalanced Streams}},
booktitle= {22nd IEEE International Conference on Pattern Recognition}, 
series={ICPR '14},
year = {2014},
month = {August},
pages = {1969-1974},
location = {Stockholm, Sweden},
publisher = {IEEE}
}
